@article{merlin2015tgax,
	title={TGax simulation scenarios},
	author={Merlin, S and Barriac, G and Sampath, H and Cariou, L and Derham, T and Le Rouzic, JP and Stacey, R and Park, M and Porat, R and Jindal, N and others},
	journal={doc.: IEEE},
	pages={802--11},
	year={2015}
}

@article{wilhelmi2018potential,
  title={Potential and Pitfalls of Multi-Armed Bandits for Decentralized Spatial Reuse in WLANs},
  author={Wilhelmi, Francesc and Barrachina-Mu{\~n}oz, Sergio and Cano, Cristina and Bellalta, Boris and Jonsson, Anders and Neu, Gergely},
  journal={arXiv preprint arXiv:1805.11083},
  year={2018}
}

@article{kasslin2000tpc,
	title={Transmitter Power Control (TPC) for 802.11 WLAN - Rev.1},
	author={M. Kasslin and A. Lappetel√§inen},
	journal={doc.: IEEE802.11-00/190},
	pages={802--11},
	year={July 2000}
}

@article{tang2014joint,
	title={Joint transmit power control and rate adaptation for wireless {LAN}s},
	author={Tang, Suhua and Yomo, Hiroyuki and Hasegawa, Akio and Shibata, Tatsuo and Ohashi, Masayoshi},
	journal={Wireless personal communications},
	volume={74},
	number={2},
	pages={469--486},
	year={2014},
	publisher={Springer}
}

@inproceedings{gandarillas2014dynamic,
	title={Dynamic transmit-power control for {WiFi} access points based on wireless link occupancy},
	author={Gandarillas, Carlos and Mart{\'\i}n-Enge{\~n}os, Carlos and Pombo, H{\'e}ctor L{\'o}pez and Marques, Antonio G},
	booktitle={Wireless Communications and Networking Conference (WCNC), 2014 IEEE},
	pages={1093--1098},
	year={2014},
	organization={IEEE}
}

@inproceedings{gupta2011thompson,
	title="Thompson sampling for dynamic multi-armed bandits",
	author="Gupta, Neha and Granmo, Ole-Christoffer and Agrawala, Ashok",
	booktitle="2011 10th International Conference on Machine Learning and Applications Workshops",
	pages="484--489",
	year="2011",
	organization="IEEE"
}