@article{BCB12,
	title={Regret analysis of stochastic and nonstochastic multi-armed bandit problems},
	author={Bubeck, S{\'e}bastien and Cesa-Bianchi, Nicol\'o},
	journal={Foundations and Trends in Machine Learning},
	volume={5},
	number={1},
	pages={1--122},
	year={2012},
	publisher={Now Publishers, Inc.}
}

@incollection{CL11,
	title = {An Empirical Evaluation of Thompson Sampling},
	author = {Olivier Chapelle and Li, Lihong},
	booktitle = {Advances in Neural Information Processing Systems 24},
	editor = {J. Shawe-Taylor and R. S. Zemel and P. L. Bartlett and F. Pereira and K. Q. Weinberger},
	pages = {2249--2257},
	year = {2011},
	publisher = {Curran Associates, Inc.}
}

@inproceedings{AG12,
	title={Analysis of Thompson sampling for the multi-armed bandit problem},
	author={Agrawal, Shipra and Goyal, Navin},
	booktitle={Conference on Learning Theory},
	pages={39--1},
	year={2012}
}

@inproceedings{KKM12,
	title={Thompson Sampling: An Asymptotically Optimal Finite Time Analysis},
	author={Kaufmann, Emilie and Korda, Nathaniel and Munos, R{\'e}mi},
	booktitle={Algorithmic Learning Theory},
	pages={199--213},
	year={2012},
	organization={Springer}
}

@incollection{KKM13,
	title = {Thompson Sampling for 1-Dimensional Exponential Family Bandits},
	author = {Korda, Nathaniel and Kaufmann, Emilie and Munos, Remi},
	booktitle = {Advances in Neural Information Processing Systems 26},
	editor = {C. J. C. Burges and L. Bottou and M. Welling and Z. Ghahramani and K. Q. Weinberger},
	pages = {1448--1456},
	year = {2013},
	publisher = {Curran Associates, Inc.}
}

@misc{fwilhelmi2017code,
	author = {Wilhelmi, Francesc},
	title = {Collaborative Spatial Reuse in Wireless Networks via Selfih Mulit-Armed Bandits},
	year = {2017},
	publisher = {GitHub},
	journal = {GitHub repository},
	howpublished = {\url{https://github.com/fwilhelmi/collaborative_sr_in_wns_via_selfish_mabs}. Commit: b9957e2},
	commit = {b9957e273f294fb9a3945792a72309c843a67646}
}

@inproceedings{elbatt2000power,
	title={Power management for throughput enhancement in wireless ad-hoc networks},
	author={ElBatt, Tamer A and Krishnamurthy, Srikanth V and Connors, Dennis and Dao, Son},
	booktitle={Communications, 2000. ICC 2000. 2000 IEEE International Conference on},
	volume={3},
	pages={1506--1513},
	year={2000},
	organization={IEEE}
}

@inproceedings{jung2002power,
	title={A power control {MAC} protocol for ad hoc networks},
	author={Jung, Eun-Sun and Vaidya, Nitin H},
	booktitle={Proceedings of the 8th annual international conference on Mobile computing and networking},
	pages={36--47},
	year={2002},
	organization={ACM}
}

@article{mishra2005weighted,
	title={Weighted coloring based channel assignment for {WLAN}s},
	author={Mishra, Arunesh and Banerjee, Suman and Arbaugh, William},
	journal={ACM SIGMOBILE Mobile Computing and Communications Review},
	volume={9},
	number={3},
	pages={19--31},
	year={2005},
	publisher={ACM}
}

@article{akella2007self,
	title={Self-management in chaotic wireless deployments},
	author={Akella, Aditya and Judd, Glenn and Seshan, Srinivasan and Steenkiste, Peter},
	journal={Wireless Networks},
	volume={13},
	number={6},
	pages={737--755},
	year={2007},
	publisher={Springer-Verlag New York, Inc.}
}

@inproceedings{riihijarvi2005frequency,
	title={Frequency allocation for {WLAN}s using graph colouring techniques},
	author={Riihijarvi, Janne and Petrova, Marina and Mahonen, Petri},
	booktitle={Wireless On-demand Network Systems and Services, 2005. WONS 2005. Second Annual Conference on},
	pages={216--222},
	year={2005},
	organization={IEEE}
}

@inproceedings{akl2007dynamic,
	title={Dynamic channel assignment in {IEEE} 802.11 networks},
	author={Akl, Robert and Arepally, Anurag},
	booktitle={Portable Information Devices, 2007. PORTABLE07. IEEE International Conference on},
	pages={1--5},
	year={2007},
	organization={IEEE}
}

@inproceedings{kim2006improving,
	title={Improving spatial reuse through tuning transmit power, carrier sense threshold, and data rate in multihop wireless networks},
	author={Kim, Tae-Suk and Lim, Hyuk and Hou, Jennifer C},
	booktitle={Proceedings of the 12th annual international conference on Mobile computing and networking},
	pages={366--377},
	year={2006},
	organization={ACM}
}

@inproceedings{mhatre2007interference,
	title={Interference mitigation through power control in high density 802.11 {WLAN}s},
	author={Mhatre, Vivek P and Papagiannaki, Konstantina and Baccelli, Francois},
	booktitle={INFOCOM 2007. 26th IEEE International Conference on Computer Communications. IEEE},
	pages={535--543},
	year={2007},
	organization={IEEE}
}

@inproceedings{gandarillas2014dynamic,
	title={Dynamic transmit-power control for {WiFi} access points based on wireless link occupancy},
	author={Gandarillas, Carlos and Mart{\'\i}n-Enge{\~n}os, Carlos and Pombo, H{\'e}ctor L{\'o}pez and Marques, Antonio G},
	booktitle={Wireless Communications and Networking Conference (WCNC), 2014 IEEE},
	pages={1093--1098},
	year={2014},
	organization={IEEE}
}

@inproceedings{littman1993distributed,
	title={A distributed reinforcement learning scheme for network routing},
	author={Littman, Michael and Boyan, Justin},
	booktitle={Proceedings of the international workshop on applications of neural networks to telecommunications},
	pages={45--51},
	year={1993},
	organization={Psychology Press}
}

@inproceedings{bojovic2011supervised,
	title={A supervised learning approach to cognitive access point selection},
	author={Bojovic, Biljana and Baldo, Nicola and Nin-Guerrero, Jaume and Dini, Paolo},
	booktitle={GLOBECOM Workshops (GC Wkshps), 2011 IEEE},
	pages={1100--1105},
	year={2011},
	organization={IEEE}
}

@inproceedings{bojovic2012neural,
	title={A neural network based cognitive engine for IEEE 802.11 {WLAN} access point selection},
	author={Bojovic, Biljana and Baldo, Nicola and Dini, Paolo},
	booktitle={Consumer Communications and Networking Conference (CCNC), 2012 IEEE},
	pages={864--868},
	year={2012},
	organization={IEEE}
}

@inproceedings{combes2014optimal,
	title={Optimal rate sampling in 802.11 systems},
	author={Combes, Richard and Proutiere, Alexandre and Yun, Donggyu and Ok, Jungseul and Yi, Yung},
	booktitle={INFOCOM, 2014 Proceedings IEEE},
	pages={2760--2767},
	year={2014},
	organization={IEEE}
}

@inproceedings{miozzo2015distributed,
	title={Distributed Q-learning for energy harvesting Heterogeneous Networks},
	author={Miozzo, Marco and Giupponi, Lorenza and Rossi, Michele and Dini, Paolo},
	booktitle={Communication Workshop (ICCW), 2015 IEEE International Conference on},
	pages={2006--2011},
	year={2015},
	organization={IEEE}
}

@article{maghsudi2015joint,
	title={Joint channel selection and power control in infrastructureless wireless networks: A multiplayer multiarmed bandit framework},
	author={Maghsudi, Setareh and Sta{\'n}czak, S{\l}awomir},
	journal={IEEE Transactions on Vehicular Technology},
	volume={64},
	number={10},
	pages={4565--4578},
	year={2015},
	publisher={IEEE}
}

@article{maghsudi2015channel,
	title={Channel selection for network-assisted {D2D} communication via no-regret bandit learning with calibrated forecasting},
	author={Maghsudi, Setareh and Sta{\'n}czak, S{\l}awomir},
	journal={IEEE Transactions on Wireless Communications},
	volume={14},
	number={3},
	pages={1309--1322},
	year={2015},
	publisher={IEEE}
}

@inproceedings{bennis2010q,
	title={A Q-learning based approach to interference avoidance in self-organized femtocell networks},
	author={Bennis, Mehdi and Niyato, Dusit},
	booktitle={GLOBECOM Workshops (GC Wkshps), 2010 IEEE},
	pages={706--710},
	year={2010},
	organization={IEEE}
}

@book{sutton1998reinforcement,
	title={Reinforcement learning: An introduction},
	author={Sutton, Richard S and Barto, Andrew G},
	volume={1},
	number={1},
	year={1998},
	publisher={MIT press Cambridge}
}

@article{watkins1992q,
	title={Q-learning},
	author={Watkins, Christopher JCH and Dayan, Peter},
	journal={Machine learning},
	volume={8},
	number={3-4},
	pages={279--292},
	year={1992},
	publisher={Springer}
}

@article{tran2010epsilon,
	title={Epsilon--first policies for budget--limited multi-armed bandits},
	author={Tran-Thanh, Long and Chapman, Archie and Munoz De Cote Flores Luna, Jose Enrique and Rogers, Alex and Jennings, Nicholas R},
	year={2010}
}

@article{auer2002finite,
	title={Finite-time analysis of the multiarmed bandit problem},
	author={Auer, Peter and Cesa-Bianchi, Nicol\'o and Fischer, Paul},
	journal={Machine learning},
	volume={47},
	number={2-3},
	pages={235--256},
	year={2002},
	publisher={Springer}
}

@article{katehakis1987multi,
	title={The multi-armed bandit problem: decomposition and computation},
	author={Katehakis, Michael N and Veinott Jr, Arthur F},
	journal={Mathematics of Operations Research},
	volume={12},
	number={2},
	pages={262--268},
	year={1987},
	publisher={INFORMS}
}

@inproceedings{auer1995gambling,
	title={Gambling in a rigged casino: The adversarial multi-armed bandit problem},
	author={Auer, Peter and Cesa-Bianchi, Nicol\'o and Freund, Yoav and Schapire, Robert E},
	booktitle={Foundations of Computer Science, 1995. Proceedings., 36th Annual Symposium on},
	pages={322--331},
	year={1995},
	organization={IEEE}
}

@inproceedings{kale2010non,
	title={Non-stochastic bandit slate problems},
	author={Kale, Satyen and Reyzin, Lev and Schapire, Robert E},
	booktitle={Advances in Neural Information Processing Systems},
	pages={1054--1062},
	year={2010}
}

@article{whittle1988restless,
	title={Restless bandits: Activity allocation in a changing world},
	author={Whittle, Peter},
	journal={Journal of applied probability},
	volume={25},
	number={A},
	pages={287--298},
	year={1988},
	publisher={Cambridge Univ Press}
}

@article{abe2003reinforcement,
	title={Reinforcement learning with immediate rewards and linear hypotheses},
	author={Abe, Naoki and Biermann, Alan W and Long, Philip M},
	journal={Algorithmica},
	volume={37},
	number={4},
	pages={263--293},
	year={2003},
	publisher={Springer}
}

@article{BuKa96,
  title={Optimal adaptive policies for sequential allocation problems},
  author={Burnetas, Apostolos N and Katehakis, Michael N},
  journal={Advances in Applied Mathematics},
  volume={17},
  number={2},
  pages={122--142},
  year={1996},
  publisher={Academic Press}
}

@article{Agr95,
  title={Sample mean based index policies by o (log n) regret for the multi-armed bandit problem},
  author={Agrawal, Rajeev},
  journal={Advances in Applied Probability},
  volume={27},
  number={4},
  pages={1054--1078},
  year={1995},
  publisher={Cambridge University Press}
}

@inproceedings{APS11,
  title={Improved algorithms for linear stochastic bandits},
  author={Abbasi-Yadkori, Yasin and P{\'a}l, D{\'a}vid and Szepesv{\'a}ri, Csaba},
  booktitle={Advances in Neural Information Processing Systems},
  pages={2312--2320},
  year={2011}
}

@inproceedings{LCLS10,
  title={A contextual-bandit approach to personalized news article recommendation},
  author={Li, Lihong and Chu, Wei and Langford, John and Schapire, Robert E},
  booktitle={Proceedings of the 19th international conference on World wide web},
  pages={661--670},
  year={2010},
  organization={ACM}
}

@article{auer2002nonstochastic,
	title={The nonstochastic multiarmed bandit problem},
	author={Auer, Peter and Cesa-Bianchi, Nicol\'o and Freund, Yoav and Schapire, Robert E},
	journal={SIAM journal on computing},
	volume={32},
	number={1},
	pages={48--77},
	year={2002},
	publisher={SIAM}
}

@article{shannon2001mathematical,
	title={A mathematical theory of communication},
	author={Shannon, Claude Elwood},
	journal={ACM SIGMOBILE Mobile Computing and Communications Review},
	volume={5},
	number={1},
	pages={3--55},
	year={2001},
	publisher={ACM}
}

@techreport{jain1999throughput,
	title={Throughput fairness index: An explanation},
	author={J. R.},
	year={1999},
	institution={Tech. rep., Department of CIS, The Ohio State University}
}

@article{bellalta2016ax,
	title={{IEEE} 802.11 ax: High-efficiency {WLAN}s},
	author={Bellalta, Boris},
	journal={IEEE Wireless Communications},
	volume={23},
	number={1},
	pages={38--46},
	year={2016},
	publisher={IEEE}
}

@inproceedings{wilhelmi2017implications,
  title={Implications of decentralized Q-learning resource allocation in wireless networks},
  author={Wilhelmi, Francesc and Bellalta, Boris and Cano, Cristina and Jonsson, Anders},
  booktitle={Personal, Indoor, and Mobile Radio Communications (PIMRC), 2017 IEEE 28th Annual International Symposium on},
  pages={1--5},
  year={2017},
  organization={IEEE}
}

@inproceedings{wertz2004automatic,
	title={Automatic optimization algorithms for the planning of wireless local area networks},
	author={Wertz, P and Sauter, M and Landstorfer, FA and Wolfle, G and Hoppe, R},
	booktitle={Vehicular Technology Conference, 2004. VTC2004-Fall. 2004 IEEE 60th},
	volume={4},
	pages={3010--3014},
	year={2004},
	organization={IEEE}
}

@inproceedings{al2007enhanced,
	title={Enhanced channel assignment and load distribution in {IEEE 802.11 WLANs}},
	author={Al-Rizzo, Hussain and Haidar, Mohamad and Akl, Robert and Chan, Yupo},
	booktitle={Signal Processing and Communications, 2007. ICSPC 2007. IEEE International Conference on},
	pages={768--771},
	year={2007},
	organization={IEEE}
}

@inproceedings{haidar2007channel,
	title={Channel assignment and load distribution in a power-managed wlan},
	author={Haidar, Mohamad and Akl, Robert and Al-Rizzo, Hussain and Chan, Yupo},
	booktitle={Personal, Indoor and Mobile Radio Communications, 2007. PIMRC 2007. IEEE 18th International Symposium on},
	pages={1--5},
	year={2007},
	organization={IEEE}
}

@inproceedings{chen2007improved,
	title={Improved measurement-based frequency allocation algorithms for wireless networks},
	author={Chen, Jeremy K and De Veciana, Gustavo and Rappaport, Theodore S},
	booktitle={Global Telecommunications Conference, 2007. GLOBECOM'07. IEEE},
	pages={4790--4795},
	year={2007},
	organization={IEEE}
}

@article{tang2014joint,
	title={Joint transmit power control and rate adaptation for wireless {LAN}s},
	author={Tang, Suhua and Yomo, Hiroyuki and Hasegawa, Akio and Shibata, Tatsuo and Ohashi, Masayoshi},
	journal={Wireless personal communications},
	volume={74},
	number={2},
	pages={469--486},
	year={2014},
	publisher={Springer}
}

@article{lai1985asymptotically,
	title={Asymptotically efficient adaptive allocation rules},
	author={Lai, Tze Leung and Robbins, Herbert},
	journal={Advances in applied mathematics},
	volume={6},
	number={1},
	pages={4--22},
	year={1985},
	publisher={Elsevier}
}

@article{thompson1933likelihood,
	title={On the likelihood that one unknown probability exceeds another in view of the evidence of two samples},
	author={Thompson, William R},
	journal={Biometrika},
	volume={25},
	number={3/4},
	pages={285--294},
	year={1933},
	publisher={JSTOR}
}

@inproceedings{agrawal2013further,
	title={Further optimal regret bounds for thompson sampling},
	author={Agrawal, Shipra and Goyal, Navin},
	booktitle={Artificial Intelligence and Statistics},
	pages={99--107},
	year={2013}
}

@article{LW94,
  title={The weighted majority algorithm},
  author={Littlestone, Nick and Warmuth, Manfred K},
  journal={Information and computation},
  volume={108},
  number={2},
  pages={212--261},
  year={1994},
  publisher={Elsevier}
}

@article{FS97,
  title={A decision-theoretic generalization of on-line learning and an application to boosting},
  author={Freund, Yoav and Schapire, Robert E},
  journal={Journal of computer and system sciences},
  volume={55},
  number={1},
  pages={119--139},
  year={1997},
  publisher={Elsevier}
}

@book{CBLu06:book,
	Address = {New York, NY, USA},
	Author = {Cesa-Bianchi, N. and Lugosi, G.},
	Date-Added = {2008-10-14 22:30:41 +0200},
	Date-Modified = {2008-10-14 22:30:43 +0200},
	Publisher = {Cambridge University Press},
	Title = {Prediction, Learning, and Games},
	Year = {2006}}

@article{Gop13,
	title={Thompson Sampling for Online Learning with Linear Experts},
	author={Gopalan, Aditya},
	journal={arXiv preprint arXiv:1311.0468},
	year={2013}
}

@inproceedings{coucheney2015multi,
	title={Multi-Armed Bandit for distributed Inter-Cell Interference Coordination.},
	author={Coucheney, Pierre and Khawam, Kinda and Cohen, Johanne},
	booktitle={ICC},
	pages={3323--3328},
	year={2015}
}

@article{argyriou2010collision,
  title={Collision recovery in distributed wireless networks with opportunistic cooperation},
  author={Argyriou, Antonios and Pandharipande, Ashish},
  journal={IEEE Communications Letters},
  volume={14},
  number={4},
  year={2010},
  publisher={IEEE}
}

@article{yue2011cacao,
  title={Cacao: Distributed client-assisted channel assignment optimization for uncoordinated wlans},
  author={Yue, Xiaonan and Wong, Chi-Fai and Chan, S-H Gary},
  journal={IEEE Transactions on Parallel and Distributed Systems},
  volume={22},
  number={9},
  pages={1433--1440},
  year={2011},
  publisher={IEEE}
}

@article{babich2015design,
  title={On the design of MAC protocols for multi-packet communication in IEEE 802.11 heterogeneous networks using adaptive antenna arrays},
  author={Babich, Fulvio and Comisso, Massimiliano and Crismani, Alessandro and Dorni, Aljo{\v{s}}a},
  journal={IEEE Transactions on Mobile Computing},
  volume={14},
  number={11},
  pages={2332--2348},
  year={2015},
  publisher={IEEE}
}

@article{alawieh2009improving,
  title={Improving spatial reuse in multihop wireless networks-a survey},
  author={Alawieh, Basel and Zhang, Yongning and Assi, Chadi and Mouftah, Hussein},
  journal={IEEE Communications Surveys \& Tutorials},
  volume={11},
  number={3},
  year={2009},
  publisher={IEEE}
}

@article{miridakis2013survey,
  title={A survey on the successive interference cancellation performance for single-antenna and multiple-antenna OFDM systems},
  author={Miridakis, Nikolaos I and Vergados, Dimitrios D},
  journal={IEEE Communications Surveys \& Tutorials},
  volume={15},
  number={1},
  pages={312--335},
  year={2013},
  publisher={IEEE}
}

@article{liu2010distributed,
  title={Distributed learning in multi-armed bandit with multiple players},
  author={Liu, Keqin and Zhao, Qing},
  journal={IEEE Transactions on Signal Processing},
  volume={58},
  number={11},
  pages={5667--5681},
  year={2010},
  publisher={IEEE}
}

@inproceedings{dovelos2018breaking,
  title={Breaking the Interference Barrier in Dense Wireless Networks with Interference Alignment},
  author={Dovelos, Konstantinos and Bellalta, Boris},
  booktitle={2018 IEEE International Conference on Communications (ICC)},
  pages={1--6},
  year={2018},
  organization={IEEE}
}

@article{sanghavi2009message,
  title={Message passing for maximum weight independent set},
  author={Sanghavi, Sujay and Shah, Devavrat and Willsky, Alan S},
  journal={IEEE Transactions on Information Theory},
  volume={55},
  number={11},
  pages={4822--4834},
  year={2009},
  publisher={IEEE}
}

@article{yang2011message,
  title={A message-passing approach to distributed resource allocation in uplink DFT-spread-OFDMA systems},
  author={Yang, Kai and Prasad, Narayan and Wang, Xiaodong},
  journal={IEEE transactions on Communications},
  volume={59},
  number={4},
  pages={1099--1113},
  year={2011},
  publisher={IEEE}
}